@online{NasaExo,
  author    = {NASA},
  title     = {In Depth: Exoplanets},
  year      = {2024},
  url       = {https://science.nasa.gov/exoplanets/facts/},
  note      = {Aufgerufen: 09.06.2024}
}

@book{ExoHand,
    author = {Perryman, M. A. C.},
    title = {The Exoplanet Handbook},
    publisher = {Cambridge University Press},
    year = {2011},
}

@online{wikiRand,
  author    = {Wikipedia},
  title     = {Randverdunkelung},
  year      = {2023},
  url       = {https://de.wikipedia.org/wiki/Randverdunkelung#},
  note      = {Aufgerufen: 18.06.2024}
}

@online{exoDataCzech,
  author    = {Czech Astronomial Society},
  title     = {Exoplanet Transit Database},
  year      = {2024},
  url       = {http://var2.astro.cz/ETD/etd.php?STARNAME=HAT-P-12&PLANET=b},
  note      = {Aufgerufen: 27.06.2024}
}

@article{hartman2009hat,
  title={HAT-P-12b: A low-density sub-saturn mass planet transiting a metal-poor K dwarf},
  author={Hartman et. al},
  volume={706},
  number={1},
  pages={785},
  year={2009},
  publisher={IOP Publishing}
}
